<?xml version="1.0" encoding="UTF-8"?><collection xmlns="http://www.loc.gov/MARC21/slim"><record><leader>00488nam--2200169-u-4500</leader><controlfield tag="001">000054343</controlfield><controlfield tag="002">20161230</controlfield><controlfield tag="005">20161230201051</controlfield><controlfield tag="008">111123s1000------------r-----000-0-eng-d</controlfield><datafield ind1=" " ind2=" " tag="040"><subfield code="a">IFIN-HH</subfield></datafield><datafield ind1=" " ind2=" " tag="080"><subfield code="a">539.12</subfield></datafield><datafield ind1="1" ind2=" " tag="100"><subfield code="a">Nyborg, P</subfield></datafield><datafield ind1="1" ind2="0" tag="245"><subfield code="a">Kinematics, symmetries, and s-matrix</subfield><subfield code="b">Chapter 6 multiparticle kinematics and phase space</subfield><subfield code="c">P. nyborg</subfield></datafield><datafield ind1=" " ind2=" " tag="260"><subfield code="a">Oslo</subfield><subfield code="b">Agricultural University Of Norway</subfield><subfield code="c">1972</subfield></datafield><datafield ind1=" " ind2=" " tag="300"><subfield code="a">81P</subfield></datafield><datafield ind1=" " ind2=" " tag="852"><subfield code="a">38556</subfield><subfield code="c">539.12</subfield></datafield><datafield ind1=" " ind2=" " tag="CAT"><subfield code="a">Sys</subfield><subfield code="c">20111123</subfield><subfield code="h">112812</subfield></datafield></record></collection>